[1]
@INPROCEEDINGS{Sako2007,
	author={Sako, H. and Watanabe, T. and Nagayoshi, H. and Kagehiro, T.},
	booktitle={Machine Vision and Image Processing Conference, 2007. IMVIP 2007. International},
	title={Self-Defense-Technologies for Automated Teller Machines},
	year={2007},
	pages={177-184},
	doi={10.1109/IMVIP.2007.20},
	month={Sept}
}


[2]
@article{Lowe2004,
	year={2004},
	issn={0920-5691},
	journal={International Journal of Computer Vision},
	volume={60},
	number={2},
	doi={10.1023/B:VISI.0000029664.99615.94},
	title={Distinctive Image Features from Scale-Invariant Keypoints},
	publisher={Kluwer Academic Publishers},
	author={Lowe, David G.},
	pages={91-110},
	language={English}
}


[3]
@book{Baggio2012,
	author={Baggio, Daniel L. and Escriva, David M. and Mahmood, Naureen and Shilkrot, Roy and Emami, Shervin and Levgen, Khvedchenia and Saragih, Jason},
	isbn={9781849517829},
	publisher={Packt Publishing},
	title={Mastering OpenCV with practical computer vision projects},
	year={2012},
	language={English}
}


[4]
@article{Pawade2013,
	author={Dipti Pawade and Pranchal Chaudhari and Harshada Sonkambale},
	title={Comparative Study of Different Paper Currency and Coin Currency Recognition Method},
	journal={International Journal of Computer Applications},
	year={2013},
	volume={66},
	number={23},
	pages={26-31},
	month={March}
}


[5]
@INPROCEEDINGS{Nishimura2009,
	author={Nishimura, K.},
	booktitle={ICCAS-SICE, 2009},
	title={Banknote recognition based on continuous change in strictness of examination},
	year={2009},
	pages={5347-5350},
	month={August}
}


[6]
@INPROCEEDINGS{Solymar2011,
	author={Zóra Solymár and Attila Stubendek and Mihály Radványi and Kristóf Karacs},
	booktitle={Circuit Theory and Design (ECCTD), 2011 20th European Conference on},
	title={Banknote recognition for visually impaired},
	year={2011},
	pages={841-844},
	doi={10.1109/ECCTD.2011.6043828},
	month={August}
}


[7]
@INPROCEEDINGS{Hassanpour2007,
	author={Hassanpour, H. and Yaseri, A. and Ardeshiri, G.},
	booktitle={Signal Processing and Its Applications, 2007. ISSPA 2007. 9th International Symposium on},
	title={Feature extraction for paper currency recognition},
	year={2007},
	pages={1-4},
	doi={10.1109/ISSPA.2007.4555366},
	month={Feb}
}


[8]
@INPROCEEDINGS{Grijalva2010,
	author={Grijalva, F. and Rodriguez, J.C. and Larco, J. and Orozco, L.},
	booktitle={ANDESCON, 2010 IEEE},
	title={Smartphone recognition of the U.S. banknotes' denomination, for visually impaired people},
	year={2010},
	pages={1-6},
	doi={10.1109/ANDESCON.2010.5631773},
	month={Sept}
}


[9]
@INPROCEEDINGS{Kim2013,
	author={Byoung-Kyun Kim and Eui-Chol Lee and Byuhng-Munn Suhng and Dong-Yeon Ryu and Wang-Heon Lee},
	booktitle={Control, Automation and Systems (ICCAS), 2013 13th International Conference on},
	title={Feature extraction using FFT for Banknotes Recognition in a variety of lighting conditions},
	year={2013},
	pages={698-700},
	doi={10.1109/ICCAS.2013.6703959},
	ISSN={2093-7121},
	month={Oct}
}


[10]
@inproceedings{Radvanyi2011,
	author={Mihály Radványi and Zóra Solymár and Attila Stubendek and Kristóf Karacs},
	title={Mobile Banknote Recognition: Topological Models in Scene Understanding},
	booktitle={Proceedings of the 4th International Symposium on Applied Sciences in Biomedical and Communication Technologies},
	series={ISABEL '11},
	year={2011},
	isbn={978-1-4503-0913-4},
	location={Barcelona, Spain},
	pages={185:1-185:5},
	articleno={185},
	numpages={5},
	doi={10.1145/2093698.2093883},
	acmid={2093883},
	publisher={ACM},
	address={New York, NY, USA}
}


[11]
@INPROCEEDINGS{Qian2011,
	author={Sumin Qian and Xianzhang Zuo and Yunze He and Guiyun Tian and Hong Zhang},
	booktitle={Automation and Computing (ICAC), 2011 17th International Conference on},
	title={Detection technology to identify money based on pulsed eddy current technique},
	year={2011},
	pages={230-233},
	month={Sept}
}


[12]
@article{Yeh2011,
	author={Yeh, Chi-Yuan and Su, Wen-Pin and Lee, Shie-Jue},
	title={Employing Multiple-kernel Support Vector Machines for Counterfeit Banknote Recognition},
	journal={Applied Soft Computing},
	issue_date={January, 2011},
	volume={11},
	number={1},
	month=jan,
	year={2011},
	issn={1568-4946},
	pages={1439-1447},
	numpages={9},
	doi={10.1016/j.asoc.2010.04.015},
	acmid={1857723},
	publisher={Elsevier Science Publishers B. V.},
	address={Amsterdam, The Netherlands, The Netherlands}
}


[13]
@INPROCEEDINGS{Chang2007,
	author={Chin-Chen Chang and Tai-Xing Yu and Hsuan Yen Yen},
	booktitle={Signal-Image Technologies and Internet-Based System, 2007. SITIS '07. Third International IEEE Conference on},
	title={Paper Currency Verification with Support Vector Machines},
	year={2007},
	pages={860-865},
	doi={10.1109/SITIS.2007.146},
	month={Dec}
}


[14]
@INPROCEEDINGS{Sun2008A,
	author={Baiqing Sun and Jilu Li},
	booktitle={Intelligent Information Technology Application, 2008. IITA '08. Second International Symposium on},
	title={The Recognition of New and Old Banknotes Based on SVM},
	year={2008},
	volume={2},
	pages={95-98},
	doi={10.1109/IITA.2008.157},
	month={Dec}
}


[15]
@INPROCEEDINGS{Lee2004,
	author={Jac-Kang Lee and Seong-Goo Jeon and II-Hwan Kim},
	booktitle={International Journal of control, automation and systems},
	title={Distinctive point extraction and recognition algorithm for various kinds of euro banknotes},
	year={2004},
	volume={2},
	month={June}
}


[16]
@article{Gai2013,
	title={Employing quaternion wavelet transform for banknote classification},
	journal={Neurocomputing},
	volume={118},
	pages={171-178},
	year={2013},
	issn={0925-2312},
	doi={http://dx.doi.org/10.1016/j.neucom.2013.02.029},
	author={Shan Gai and Guowei Yang and Minghua Wan}
}


[17]
@INPROCEEDINGS{Sun2008B,
	author={Baiqing Sun and Jilu Li},
	booktitle={Computer Science and Software Engineering, 2008 International Conference on},
	title={Recognition for the Banknotes Grade Based on CPN},
	year={2008},
	volume={1},
	pages={90-93},
	doi={10.1109/CSSE.2008.881},
	month={Dec}
}


[18]
@article{Hassanpour2009,
	author={Hassanpour, Hamid and Farahabadi, Payam M.},
	title={Using Hidden Markov Models for Paper Currency Recognition},
	journal={Expert Systems with Applications},
	issue_date={August, 2009},
	volume={36},
	number={6},
	month=aug,
	year={2009},
	issn={0957-4174},
	pages={10105-10111},
	numpages={7},
	doi={10.1016/j.eswa.2009.01.057},
	acmid={1529043},
	publisher={Pergamon Press, Inc.},
	address={Tarrytown, NY, USA}
}


[19]
@INPROCEEDINGS{Shan2009,
	author={Gai Shan and Liu Peng and Liu Jiafeng and Tang Xianglong},
	booktitle={Intelligent Computing and Intelligent Systems, 2009. ICIS 2009. IEEE International Conference on},
	title={The design of HMM-based banknote recognition system},
	year={2009},
	volume={4},
	pages={106-110},
	doi={10.1109/ICICISYS.2009.5357719},
	month={Nov}
}


[20]
@INPROCEEDINGS{Csurka2004,
	author={Gabriella Csurka and Christopher R. Dance and Lixin Fan and Jutta Willamowski and Cédric Bray},
	title={Visual categorization with bags of keypoints},
	booktitle={In Workshop on Statistical Learning in Computer Vision, ECCV},
	year={2004},
	pages={1-22}
}


[21]
@INPROCEEDINGS{Shi1994,
	author={Shi, J. and Tomasi, C.},
	booktitle={Computer Vision and Pattern Recognition, 1994. Proceedings CVPR '94., 1994 IEEE Computer Society Conference on},
	title={Good features to track},
	year={1994},
	pages={593-600},
	doi={10.1109/CVPR.1994.323794},
	ISSN={1063-6919},
	month={Jun}
}


[22]
@incollection{Rosten2006,
	year={2006},
	isbn={978-3-540-33832-1},
	booktitle={Computer Vision – ECCV 2006},
	volume={3951},
	series={Lecture Notes in Computer Science},
	editor={Leonardis, Aleš and Bischof, Horst and Pinz, Axel},
	doi={10.1007/11744023_34},
	title={Machine Learning for High-Speed Corner Detection},
	publisher={Springer Berlin Heidelberg},
	author={Rosten, Edward and Drummond, Tom},
	pages={430-443},
	language={English}
}


[23]
@article{Matas2004,
	title={Robust wide-baseline stereo from maximally stable extremal regions},
	journal={Image and Vision Computing},
	volume={22},
	number={10},
	pages={761-767},
	year={2004},
	note={British Machine Vision Computing 2002},
	issn={0262-8856},
	doi={http://dx.doi.org/10.1016/j.imavis.2004.02.006},
	author={J. Matas and O. Chum and M. Urban and T. Pajdla}
}


[24]
@incollection{Bay2006,
	year={2006},
	isbn={978-3-540-33832-1},
	booktitle={Computer Vision – ECCV 2006},
	volume={3951},
	series={Lecture Notes in Computer Science},
	editor={Leonardis, Aleš and Bischof, Horst and Pinz, Axel},
	doi={10.1007/11744023_32},
	title={SURF: Speeded Up Robust Features},
	publisher={Springer Berlin Heidelberg},
	author={Bay, Herbert and Tuytelaars, Tinne and Van Gool, Luc},
	pages={404-417},
	language={English}
}


[25]
@INPROCEEDINGS{Hasanuzzaman2011,
	author={Hasanuzzaman, F.M. and Xiaodong Yang and YingLi Tian},
	booktitle={Wireless and Optical Communications Conference (WOCC), 2011 20th Annual},
	title={Robust and effective component-based banknote recognition by SURF features},
	year={2011},
	pages={1-6},
	doi={10.1109/WOCC.2011.5872294},
	month={April}
}


[26]
@ARTICLE{Hasanuzzaman2012,
	author={Hasanuzzaman, F.M. and Xiaodong Yang and YingLi Tian},
	journal={Systems, Man, and Cybernetics, Part C: Applications and Reviews, IEEE Transactions on},
	title={Robust and Effective Component-Based Banknote Recognition for the Blind},
	year={2012},
	volume={42},
	number={6},
	pages={1021-1030},
	doi={10.1109/TSMCC.2011.2178120},
	ISSN={1094-6977},
	month={Nov}
}


[27]
@MISC{Toytman2011,
	author={Ilya Toytman and Jonathan Thambidurai},
	title={Banknote recognition on Android platform},
	year={2011}
}


[28]
@MISC{Costa2013,
	author={Carlos M. Costa},
	title={Currency Recognition},
	url={https://github.com/carlosmccosta/Currency-Recognition},
	year={2014}
}


[29]
@INPROCEEDINGS{Tomasi1998,
	author={Tomasi, C. and Manduchi, R.},
	booktitle={Computer Vision, 1998. Sixth International Conference on},
	title={Bilateral filtering for gray and color images},
	year={1998},
	pages={839-846},
	doi={10.1109/ICCV.1998.710815},
	month={Jan}
}


[30]
@book{Heckbert1994,
	editor={Heckbert, Paul S.},
	title={Graphics Gems IV},
	year={1994},
	isbn={0-12-336155-9},
	publisher={Academic Press Professional, Inc.},
	address={San Diego, CA, USA}
} 


[31]
@INPROCEEDINGS{Rublee2011,
	author={Rublee, E. and Rabaud, V. and Konolige, K. and Bradski, G.},
	booktitle={Computer Vision (ICCV), 2011 IEEE International Conference on},
	title={ORB: An efficient alternative to SIFT or SURF},
	year={2011},
	pages={2564-2571},
	doi={10.1109/ICCV.2011.6126544},
	ISSN={1550-5499},
	month={Nov}
}


[32]
@INPROCEEDINGS{Leutenegger2011,
	author={Leutenegger, S. and Chli, M. and Siegwart, R.Y.},
	booktitle={Computer Vision (ICCV), 2011 IEEE International Conference on},
	title={BRISK: Binary Robust invariant scalable keypoints},
	year={2011},
	pages={2548-2555},
	doi={10.1109/ICCV.2011.6126542},
	ISSN={1550-5499},
	month={Nov}
}


[33]
@incollection{Agrawal2008,
	year={2008},
	isbn={978-3-540-88692-1},
	booktitle={Computer Vision – ECCV 2008},
	volume={5305},
	series={Lecture Notes in Computer Science},
	editor={Forsyth, David and Torr, Philip and Zisserman, Andrew},
	doi={10.1007/978-3-540-88693-8_8},
	title={CenSurE: Center Surround Extremas for Realtime Feature Detection and Matching},
	publisher={Springer Berlin Heidelberg},
	author={Agrawal, Motilal and Konolige, Kurt and Blas, MortenRufus},
	pages={102-115},
	language={English}
}


[34]
@INPROCEEDINGS{Alahi2012,
	author={Alahi, A. and Ortiz, R. and Vandergheynst, P.},
	booktitle={Computer Vision and Pattern Recognition (CVPR), 2012 IEEE Conference on},
	title={FREAK: Fast Retina Keypoint},
	year={2012},
	pages={510-517},
	doi={10.1109/CVPR.2012.6247715},
	ISSN={1063-6919},
	month={June}
}


[35]
@incollection{Calonder2010,
	year={2010},
	isbn={978-3-642-15560-4},
	booktitle={Computer Vision – ECCV 2010},
	volume={6314},
	series={Lecture Notes in Computer Science},
	editor={Daniilidis, Kostas and Maragos, Petros and Paragios, Nikos},
	doi={10.1007/978-3-642-15561-1_56},
	title={BRIEF: Binary Robust Independent Elementary Features},
	publisher={Springer Berlin Heidelberg},
	author={Calonder, Michael and Lepetit, Vincent and Strecha, Christoph and Fua, Pascal},
	pages={778-792},
	language={English}
}


[36]
@inproceedings{Muja2009,
	author={Marius Muja and David G. Lowe},
	title={Fast Approximate Nearest Neighbors with Automatic Algorithm Configuration},
	booktitle={International Conference on Computer Vision Theory and Application VISSAPP'09)},
	publisher={INSTICC Press},
	year={2009},
	pages={331-340}
}


[37]
@article{Fischler1981,
	author={Fischler, Martin A. and Bolles, Robert C.},
	title={Random Sample Consensus: A Paradigm for Model Fitting with Applications to Image Analysis and Automated Cartography},
	journal={Commun. ACM},
	issue_date={June 1981},
	volume={24},
	number={6},
	month=jun,
	year={1981},
	issn={0001-0782},
	pages={381--395},
	numpages={15},
	doi={10.1145/358669.358692},
	acmid={358692},
	publisher={ACM},
	address={New York, NY, USA}
} 
